@online{Geb17,
	shorthand={Geb17},
	title={Geb√ºhren transparent und fair},
	note={Website},
	language = {deutsch},
	url={https://www.paypal.com/webapps/mpp/paypal-fees},
	urldate={2017-01-09},
	organization={PayPal},
}

@online{Pro17,
	shorthand={Pro17},
	title={Pro verkaufen bei Amazon - so funktioniert's},
	note={Website},
	language = {deutsch},
	url={https://services.amazon.de/programme/online-verkaufen/so-funktionierts-pro.html?ld=SEDESOAADGog-Selling-Generic-branded_Amazon-Unternehmenskonto_p_163308090857_c},
	urldate={2017-01-09},
	organization={Amazon},
}

@online{KSP17,
	shorthand={KSP17},
	note={Website},
	language = {deutsch},
	title={KSPG baut Produktionshallen in Indien},
	url={http://www.automobil-industrie.vogel.de/kspg-baut-produktionshallen-in-indien-a-498814/},
	urldate={2017-01-12},
	organization={Vogel Business Media},
}

@online{Sal17,
	shorthand={Sal17},
	note={Website},
	language = {english},
	title={Sale of commercial Retail showroom in Neredmet},
	url={https://worldimmotrade.de/estates/view/22882/},
	urldate={2017-01-12},
	organization={worldimmotrade.de - Auslandsimmobilien},
}

